@Book{proofs,
  author    = "Larry J. Gerstein",
  title     = "Introduction to Mathematical Structures and Proofs",
  year      = "2012",
  series    = "Undergraduate Texts in Mathematics",
  url       = "https://link-springer-com.myaccess.library.utoronto.ca/book/10.1007/978-1-4614-4265-3l"
}

@Book{linalgright,
  author    = "Sheldon Axler",
  title     = "Linear Algebra Done Right",
  publisher = "Springer",
  year      = "2015",
  edition   = "3",
  series    = "Undergraduate Texts in Mathematics",
  url       = "https://link-springer-com.myaccess.library.utoronto.ca/book/10.1007/978-3-319-11080-6",
}

@Book{linalgwrong,
  author    = "Sergei Treil",
  title     = "Linear Algebra Done Wrong",
  year      = "2017",
  url       = "https://www.math.brown.edu/streil/papers/LADW/LADW.html"
}

@Book{introrealanalysis,
  author    = "William F. Trench",
  title     = "Introduction to Real Analysis",
  year      = "2013",
  url       = "https://digitalcommons.trinity.edu/mono/7/"
}

@Book{understandinganalysis,
  author    = "Stephen Abbott",
  title     = "Understanding Analysis",
  year      = "2015",
  series    = "Undergraduate Texts in Mathematics",
  url       = "https://link-springer-com.myaccess.library.utoronto.ca/book/10.1007/978-1-4939-2712-8"
}

@Book{realanalysis,
  author    = "Charles C. Pugh",
  title     = "Real Mathematical Analysis",
  year      = "2015",
    series    = "Undergraduate Texts in Mathematics",
  url       = "https://link-springer-com.myaccess.library.utoronto.ca/book/10.1007/978-3-319-17771-7"
}

@Book{tastetopology,
  author    = "Volker Runde",
  title     = "A Taste of Topology",
  year      = "2005",
  series    = "Universitext",
  url       = "https://link-springer-com.myaccess.library.utoronto.ca/book/10.1007/0-387-28387-0"
}

@Book{toolsreasoning,
  author    = "Tamara J. Lakins",
  title     = "The Tools of Mathematical Reasoning",
  year      = "2016",
  series    = "Pure and Applied Undergraduate Texts"
}

@misc{marcoux2019,
    author  = " Laurent W. Marcoux",
    title   = " PMATH 351 Notes",
    year    = " 2019",
    url     = "https://www.math.uwaterloo.ca/~lwmarcou/notes/pmath351.pdf"
}


@misc{piotr,
    author  = " Piotr Zwiernik",
    title   = " Lecture notes in Mathematics for Economics and Statistics",
    year    = " 2022",
    url     = "http://84.89.132.1/~piotr/docs/RealAnalysisNotes.pdf"
}


@Book{BasicAnalysis1,
    author  = " Ji\v{r}Ã­ Lebl",
    title   = " Basic Analysis I",
    series = "Introduction to Real Analysis",
    volume = "1",
    year    = "2022",
    url     = "https://www.jirka.org/ra/realanal.pdf"
}

@Book{ElementaryRealAnalysis,
    author  = "Howard Anton and Chris Rorres",
    title   = "Elementary Linear Algebra",
    publisher = "Wiley",
    edition = "11",
    year    = "2014"
}




